@book{pfeifer2001understanding,
  title={Understanding intelligence},
  author={Pfeifer, Rolf and Scheier, Christian},
  year={2001},
  publisher={MIT press}
}

@article{verschure1992distributed,
  title={Distributed adaptive control: The self-organization of structured behavior},
  author={Verschure, Paul FMJ and Kr{\"o}se, Ben JA and Pfeifer, Rolf},
  journal={Robotics and Autonomous Systems},
  volume={9},
  number={3},
  pages={181--196},
  year={1992},
  publisher={Elsevier}
}

@article{michel2004cyberbotics,
  title={Cyberbotics Ltd. Webotsâ„¢: professional mobile robot simulation},
  author={Michel, Olivier},
  journal={International Journal of Advanced Robotic Systems},
  volume={1},
  number={1},
  pages={5},
  year={2004},
  publisher={SAGE Publications Sage UK: London, England}
}